@article{CMS,
	doi = {10.1088/1748-0221/3/08/s08004},
	url = {https://doi.org/10.1088%2F1748-0221%2F3%2F08%2Fs08004},
	year = 2008,
	month = {aug},
	publisher = {{IOP} Publishing},
	volume = {3},
	number = {08},
	pages = {S08004--S08004},
	author = {The CMS Collaboration 
	title = {The {CMS} experiment at the {CERN} {LHC}},
	journal = {Journal of Instrumentation},
