@article{CMS,
	doi = {10.1088/1748-0221/3/08/s08004},
	url = {https://doi.org/10.1088%2F1748-0221%2F3%2F08%2Fs08004},
	year = 2008,
	month = {aug},
	publisher = {{IOP} Publishing},
	volume = {3},
	number = {08},
	pages = {S08004--S08004},
	author = {The CMS Collaboration and S Chatrchyan and G Hmayakyan and V Khachatryan and A M Sirunyan and W Adam and T Bauer and T Bergauer and H Bergauer and M Dragicevic and J Erö and M Friedl and R Frühwirth and V M Ghete and P Glaser and C Hartl and N Hoermann and J Hrubec and S Hänsel and M Jeitler and K Kastner and M Krammer and I Magrans de Abril and M Markytan and I Mikulec and B Neuherz and T Nöbauer and M Oberegger and M Padrta and M Pernicka and P Porth and H Rohringer and S Schmid and T Schreiner and R Stark and H Steininger and J Strauss and A Taurok and D Uhl and W Waltenberger and G Walzel and E Widl and C-E Wulz and V Petrov and V Prosolovich and V Chekhovsky and O Dvornikov and I Emeliantchik and A Litomin and V Makarenko and I Marfin and V Mossolov and N Shumeiko and A Solin and R Stefanovitch and J Suarez Gonzalez and A Tikhonov and A Fedorov and M Korzhik and O Missevitch and R Zuyeuski and W Beaumont and M Cardaci and E De Langhe and E A De Wolf and E Delmeire and S Ochesanu and M Tasevsky and P Van Mechelen and J D{\textquotesingle}Hondt and S De Weirdt and O Devroede and R Goorens and S Hannaert and J Heyninck and J Maes and M U Mozer and S Tavernier and W Van Doninck and L Van Lancker and P Van Mulders and I Villella and C Wastiels and C Yu and O Bouhali and O Charaf and B Clerbaux and P De Harenne and G De Lentdecker and J P Dewulf and S Elgammal and R Gindroz and G H Hammad and T Mahmoud and L Neukermans and M Pins and R Pins and S Rugovac and J Stefanescu and V Sundararajan and C Vander Velde and P Vanlaer and J Wickens and M Tytgat and S Assouak and J L Bonnet and G Bruno and J Caudron and B De Callatay and J De Favereau De Jeneret and S De Visscher and P Demin and D Favart and C Felix and B Florins and E Forton and A Giammanco and G Gr{\'{e}}goire and M Jonckman and D Kcira and T Keutgen and V Lemaitre and D Michotte and O Militaru and S Ovyn and T Pierzchala and K Piotrzkowski and V Roberfroid and X Rouby and N Schul and O Van der Aa and N Beliy and E Daubie and P Herquet and G Alves and M E Pol and M H G Souza and M Vaz and D De Jesus Damiao and V Oguri and A Santoro and A Sznajder and E De Moraes Gregores and R L Iope and S F Novaes and T Tomei and T Anguelov and G Antchev and I Atanasov and J Damgov and N Darmenov and L Dimitrov and V Genchev and P Iaydjiev and A Marinov and S Piperov and S Stoykova and G Sultanov and R Trayanov and I Vankov and C Cheshkov and A Dimitrov and M Dyulendarova and I Glushkov and V Kozhuharov and L Litov and M Makariev and E Marinova and S Markov and M Mateev and I Nasteva and B Pavlov and P Petev and P Petkov and V Spassov and Z Toteva and V Velev and V Verguilov and J G Bian and G M Chen and H S Chen and M Chen and C H Jiang and B Liu and X Y Shen and H S Sun and J Tao and J Wang and M Yang and Z Zhang and W R Zhao and H L Zhuang and Y Ban and J Cai and Y C Ge and S Liu and H T Liu and L Liu and S J Qian and Q Wang and Z H Xue and Z C Yang and Y L Ye and J Ying and P J Li and J Liao and Z L Xue and D S Yan and H Yuan and C A Carrillo Montoya and J C Sanabria and N Godinovic and I Puljak and I Soric and Z Antunovic and M Dzelalija and K Marasovic and V Brigljevic and K Kadija and S Morovic and R Fereos and C Nicolaou and A Papadakis and F Ptochos and P A Razis and D Tsiakkouri and Z Zinonos and A Hektor and M Kadastik and K Kannike and E Lippmaa and M Müntel and M Raidal and L Rebane and P A Aarnio and E Anttila and K Banzuzi and P Bulteau and S Czellar and N Eiden and C Eklund and P Engstrom and A Heikkinen and A Honkanen and J Härkönen and V Karimäki and H M Katajisto and R Kinnunen and J Klem and J Kortesmaa and M Kotamäki and A Kuronen and T Lamp{\'{e}}n and K Lassila-Perini and V Lef{\'{e}}bure and S Lehti and T Lind{\'{e}}n and P R Luukka and S Michal and F Moura Brigido and T Mäenpää and T Nyman and J Nyst{\'{e}}n and E Pietarinen and K Skog and K Tammi and E Tuominen and J Tuominiemi and D Ungaro and T P Vanhala and L Wendland and C Williams and M Iskanius and A Korpela and G Polese and T Tuuva and G Bassompierre and A Bazan and P Y David and J Ditta and G Drobychev and N Fouque and J P Guillaud and V Hermel and A Karneyeu and T Le Flour and S Lieunard and M Maire and P Mendiburu and P Nedelec and J P Peigneux and M Schneegans and D Sillou and J P Vialle and M Anfreville and J P Bard and P Besson and E Bougamont and M Boyer and P Bredy and R Chipaux and M Dejardin and D Denegri and J Descamps and B Fabbro and J L Faure and S Ganjour and F X Gentit and A Givernaud and P Gras and G Hamel de Monchenault and P Jarry and C Jeanney and F Kircher and M C Lemaire and Y Lemoigne and B Levesy and E Locci and J P Lottin and I Mandjavidze and M Mur and J P Pansart and A Payn and J Rander and J M Reymond and J Rolquin and F Rondeaux and A Rosowsky and J Y A Rousse and Z H Sun and J Tartas and A Van Lysebetten and P Venault and P Verrecchia and M Anduze and J Badier and S Baffioni and M Bercher and C Bernet and U Berthon and J Bourotte and A Busata and P Busson and M Cerutti and D Chamont and C Charlot and C Collard and A Debraine and D Decotigny and L Dobrzynski and O Ferreira and Y Geerebaert and J Gilly and C Gregory and L Guevara Riveros and M Haguenauer and A Karar and B Koblitz and D Lecouturier and A Mathieu and G Milleret and P Min{\'{e}} and P Paganini and P Poilleux and N Pukhaeva and N Regnault and T Romanteau and I Semeniouk and Y Sirois and C Thiebaux and J C Vanel and A Zabi and J L Agram and A Albert and L Anckenmann and J Andrea and F Anstotz and A M Bergdolt and J D Berst and R Blaes and D Bloch and J M Brom and J Cailleret and F Charles and E Christophel and G Claus and J Coffin and C Colledani and J Croix and E Dangelser and N Dick and F Didierjean and F Drouhin and W Dulinski and J P Ernenwein and R Fang and J C Fontaine and G Gaudiot and W Geist and D Gel{\'{e}} and T Goeltzenlichter and U Goerlach and P Graehling and L Gross and C Guo Hu and J M Helleboid and T Henkes and M Hoffer and C Hoffmann and J Hosselet and L Houchu and Y Hu and D Huss and C Illinger and F Jeanneau and P Juillot and T Kachelhoffer and M R Kapp and H Kettunen and L Lakehal Ayat and A C Le Bihan and A Lounis and C Maazouzi and V Mack and P Majewski and D Mangeol and J Michel and S Moreau and C Olivetto and A Pallar{\`{e}}s and Y Patois and P Pralavorio and C Racca and Y Riahi and I Ripp-Baudot and P Schmitt and J P Schunck and G Schuster and B Schwaller and M H Sigward and J L Sohler and J Speck and R Strub and T Todorov and R Turchetta and P Van Hove and D Vintache and A Zghiche and M Ageron and J E Augustin and C Baty and G Baulieu and M Bedjidian and J Blaha and A Bonnevaux and G Boudoul and P Brunet and E Chabanat and E C Chabert and R Chierici and V Chorowicz and C Combaret and D Contardo and R Della Negra and P Depasse and O Drapier and M Dupanloup and T Dupasquier and H El Mamouni and N Estre and J Fay and S Gascon and N Giraud and C Girerd and G Guillot and R Haroutunian and B Ille and M Lethuillier and N Lumb and C Martin and H Mathez and G Maurelli and S Muanza and P Pangaud and S Perries and O Ravat and E Schibler and F Schirra and G Smadja and S Tissot and B Trocme and S Vanzetto and J P Walder and Y Bagaturia and D Mjavia and A Mzhavia and Z Tsamalaidze and V Roinishvili and R Adolphi and G Anagnostou and R Brauer and W Braunschweig and H Esser and L Feld and W Karpinski and A Khomich and K Klein and C Kukulies and K Lübelsmeyer and J Olzem and A Ostaptchouk and D Pandoulas and G Pierschel and F Raupach and S Schael and A Schultz von Dratzig and G Schwering and R Siedling and M Thomas and M Weber and B Wittmer and M Wlochal and F Adamczyk and A Adolf and G Altenhöfer and S Bechstein and S Bethke and P Biallass and O Biebel and M Bontenackels and K Bosseler and A Böhm and M Erdmann and H Faissner and B Fehr and H Fesefeldt and G Fetchenhauer and J Frangenheim and J H Frohn and J Grooten and T Hebbeker and S Hermann and E Hermens and G Hilgers and K Hoepfner and C Hof and E Jacobi and S Kappler and M Kirsch and P Kreuzer and R Kupper and H R Lampe and D Lanske and R Mameghani and A Meyer and S Meyer and T Moers and E Müller and R Pahlke and B Philipps and D Rein and H Reithler and W Reuter and P Rütten and S Schulz and H Schwarthoff and W Sobek and M Sowa and T Stapelberg and H Szczesny and H Teykal and D Teyssier and H Tomme and W Tomme and M Tonutti and O Tsigenov and J Tutas and J Vandenhirtz and H Wagner and M Wegner and C Zeidler and F Beissel and M Davids and M Duda and G Flügge and M Giffels and T Hermanns and D Heydhausen and S Kalinin and S Kasselmann and G Kaussen and T Kress and A Linn and A Nowack and L Perchalla and M Poettgens and O Pooth and P Sauerland and A Stahl and D Tornier and M H Zoeller and U Behrens and K Borras and A Flossdorf and D Hatton and B Hegner and M Kasemann and R Mankel and A Meyer and J Mnich and C Rosemann and C Youngman and W D Zeuner and F Bechtel and P Buhmann and E Butz and G Flucke and R H Hamdorf and U Holm and R Klanner and U Pein and N Schirm and P Schleper and G Steinbrück and R Van Staa and R Wolf and B Atz and T Barvich and P Blüm and F Boegelspacher and H Bol and Z Y Chen and S Chowdhury and W De Boer and P Dehm and G Dirkes and M Fahrer and U Felzmann and M Frey and A Furgeri and E Gregoriev and F Hartmann and F Hauler and S Heier and K Kärcher and B Ledermann and S Mueller and Th Müller and D Neuberger and C Piasecki and G Quast and K Rabbertz and A Sabellek and A Scheurer and F P Schilling and H J Simonis and A Skiba and P Steck and A Theel and W H Thümmel and A Trunov and A Vest and T Weiler and C Weiser and S Weseler and V Zhukov and M Barone and G Daskalakis and N Dimitriou and G Fanourakis and C Filippidis and T Geralis and C Kalfas and K Karafasoulis and A Koimas and A Kyriakis and S Kyriazopoulou and D Loukas and A Markou and C Markou and N Mastroyiannopoulos and C Mavrommatis and J Mousa and I Papadakis and E Petrakou and I Siotis and K Theofilatos and S Tzamarias and A Vayaki and G Vermisoglou and A Zachariadou and L Gouskos and G Karapostoli and P Katsas and A Panagiotou and C Papadimitropoulos and X Aslanoglou and I Evangelou and P Kokkas and N Manthos and I Papadopoulos and F A Triantis and G Bencze and L Boldizsar and G Debreczeni and C Hajdu and P Hidas and D Horvath and P Kovesarki and A Laszlo and G Odor and G Patay and F Sikler and G Veres and G Vesztergombi and P Zalan and A Fenyvesi and J Imrek and J Molnar and D Novak and J Palinkas and G Szekely and N Beni and A Kapusi and G Marian and B Radics and P Raics and Z Szabo and Z Szillasi and Z L Trocsanyi and G Zilizi and H S Bawa and S B Beri and V Bhandari and V Bhatnagar and M Kaur and J M Kohli and A Kumar and B Singh and J B Singh and S Arora and S Bhattacharya and S Chatterji and S Chauhan and B C Choudhary and P Gupta and M Jha and K Ranjan and R K Shivpuri and A K Srivastava and R K Choudhury and D Dutta and M Ghodgaonkar and S Kailas and S K Kataria and A K Mohanty and L M Pant and P Shukla and A Topkar and T Aziz and Sunanda Banerjee and S Bose and S Chendvankar and P V Deshpande and M Guchait and A Gurtu and M Maity and G Majumder and K Mazumdar and A Nayak and M R Patil and S Sharma and K Sudhakar and B S Acharya and Sudeshna Banerjee and S Bheesette and S Dugad and S D Kalmani and V R Lakkireddi and N K Mondal and N Panyam and P Verma and H Arfaei and M Hashemi and M Mohammadi Najafabadi and A Moshaii and S Paktinat Mehdiabadi and M Felcini and M Grunewald and K Abadjiev and M Abbrescia and L Barbone and P Cariola and F Chiumarulo and A Clemente and A Colaleo and D Creanza and N De Filippis and M De Palma and G De Robertis and G Donvito and R Ferorelli and L Fiore and M Franco and D Giordano and R Guida and G Iaselli and N Lacalamita and F Loddo and G Maggi and M Maggi and N Manna and B Marangelli and M S Mennea and S My and S Natali and S Nuzzo and G Papagni and C Pinto and A Pompili and G Pugliese and A Ranieri and F Romano and G Roselli and G Sala and G Selvaggi and L Silvestris and P Tempesta and R Trentadue and S Tupputi and G Zito and G Abbiendi and W Bacchi and C Battilana and A C Benvenuti and M Boldini and D Bonacorsi and S Braibant-Giacomelli and V D Cafaro and P Capiluppi and A Castro and F R Cavallo and C Ciocca and G Codispoti and M Cuffiani and I D{\textquotesingle}Antone and G M Dallavalle and F Fabbri and A Fanfani and S Finelli and P Giacomelli and V Giordano and M Giunta and C Grandi and M Guerzoni and L Guiducci and S Marcellini and G Masetti and A Montanari and F L Navarria and F Odorici and A Paolucci and G Pellegrini and A Perrotta and A M Rossi and T Rovelli and G P Siroli and G Torromeo and R Travaglini and G P Veronese and S Albergo and M Chiorboli and S Costa and M Galanti and G Gatto Rotondo and N Giudice and N Guardone and F Noto and R Potenza and M A Saizu and G Salemi and C Sutera and A Tricomi and C Tuve and L Bellucci and M Brianzi and G Broccolo and E Catacchini and V Ciulli and C Civinini and R D{\textquotesingle}Alessandro and E Focardi and S Frosali and C Genta and G Landi and P Lenzi and A Macchiolo and F Maletta and F Manolescu and C Marchettini and L Masetti and S Mersi and M Meschini and C Minelli and S Paoletti and G Parrini and E Scarlini and G Sguazzoni and L Benussi and M Bertani and S Bianco and M Caponero and D Colonna and L Daniello and F Fabbri and F Felli and M Giardoni and A La Monaca and B Ortenzi and M Pallotta and A Paolozzi and C Paris and L Passamonti and D Pierluigi and B Ponzio and C Pucci and A Russo and G Saviano and P Fabbricatore and S Farinon and M Greco and R Musenich and S Badoer and L Berti and M Biasotto and S Fantinel and E Frizziero and U Gastaldi and M Gulmini and F Lelli and G Maron and S Squizzato and N Toniolo and S Traldi and S Banfi and R Bertoni and M Bonesini and L Carbone and G B Cerati and F Chignoli and P D{\textquotesingle}Angelo and A De Min and P Dini and F M Farina and F Ferri and P Govoni and S Magni and M Malberti and S Malvezzi and R Mazza and D Menasce and V Miccio and L Moroni and P Negri and M Paganoni and D Pedrini and A Pullia and S Ragazzi and N Redaelli and M Rovere and L Sala and S Sala and R Salerno and T Tabarelli de Fatis and V Tancini and S Taroni and A Boiano and F Cassese and C Cassese and A Cimmino and B D{\textquotesingle}Aquino and L Lista and D Lomidze and P Noli and P Paolucci and G Passeggio and D Piccolo and L Roscilli and C Sciacca and A Vanzanella and P Azzi and N Bacchetta and L Barcellan and M Bellato and M Benettoni and D Bisello and E Borsato and A Candelori and R Carlin and L Castellani and P Checchia and L Ciano and A Colombo and E Conti and M Da Rold and F Dal Corso and M De Giorgi and M De Mattia and T Dorigo and U Dosselli and C Fanin and G Galet and F Gasparini and U Gasparini and A Giraldo and P Giubilato and F Gonella and A Gresele and A Griggio and P Guaita and A Kaminskiy and S Karaevskii and V Khomenkov and D Kostylev and S Lacaprara and I Lazzizzera and I Lippi and M Loreti and M Margoni and R Martinelli and S Mattiazzo and M Mazzucato and A T Meneguzzo and L Modenese and F Montecassiano and A Neviani and M Nigro and A Paccagnella and D Pantano and A Parenti and M Passaseo and R Pedrotta and M Pegoraro and G Rampazzo and S Reznikov and P Ronchese and A Sancho Daponte and P Sartori and I Stavitskiy and M Tessaro and E Torassa and A Triossi and S Vanini and S Ventura and L Ventura and M Verlato and M Zago and F Zatti and P Zotto and G Zumerle and P Baesso and G Belli and U Berzano and S Bricola and A Grelli and G Musitelli and R Nard{\`{o}} and M M Necchi and D Pagano and S P Ratti and C Riccardi and P Torre and A Vicini and P Vitulo and C Viviani and D Aisa and S Aisa and F Ambroglini and M M Angarano and E Babucci and D Benedetti and M Biasini and G M Bilei and S Bizzaglia and M T Brunetti and B Caponeri and B Checcucci and R Covarelli and N Dinu and L Fan{\`{o}} and L Farnesini and M Giorgi and P Lariccia and G Mantovani and F Moscatelli and D Passeri and A Piluso and P Placidi and V Postolache and R Santinelli and A Santocchia and L Servoli and D Spiga and P Azzurri and G Bagliesi and G Balestri and A Basti and R Bellazzini and L Benucci and J Bernardini and L Berretta and S Bianucci and T Boccali and A Bocci and L Borrello and F Bosi and F Bracci and A Brez and F Calzolari and R Castaldi and U Cazzola and M Ceccanti and R Cecchi and C Cerri and A S Cucoanes and R Dell{\textquotesingle}Orso and D Dobur and S Dutta and F Fiori and L Fo{\`{a}} and A Gaggelli and S Gennai and A Giassi and S Giusti and D Kartashov and A Kraan and L Latronico and F Ligabue and S Linari and T Lomtadze and G A Lungu and G Magazzu and P Mammini and F Mariani and G Martinelli and M Massa and A Messineo and A Moggi and F Palla and F Palmonari and G Petragnani and G Petrucciani and A Profeti and F Raffaelli and D Rizzi and G Sanguinetti and S Sarkar and G Segneri and D Sentenac and A T Serban and A Slav and P Spagnolo and G Spandre and R Tenchini and S Tolaini and G Tonelli and A Venturi and P G Verdini and M Vos and L Zaccarelli and S Baccaro and L Barone and A Bartoloni and B Borgia and G Capradossi and F Cavallari and A Cecilia and D D{\textquotesingle}Angelo and I Dafinei and D Del Re and E Di Marco and M Diemoz and G Ferrara and C Gargiulo and S Guerra and M Iannone and E Longo and M Montecchi and M Nuccetelli and G Organtini and A Palma and R Paramatti and F Pellegrino and S Rahatlou and C Rovelli and F Safai Tehrani and A Zullo and G Alampi and N Amapane and R Arcidiacono and S Argiro and M Arneodo and R Bellan and F Benotto and C Biino and S Bolognesi and M A Borgia and C Botta and A Brasolin and N Cartiglia and R Castello and G Cerminara and R Cirio and M Cordero and M Costa and D Dattola and F Daudo and G Dellacasa and N Demaria and G Dughera and F Dumitrache and R Farano and G Ferrero and E Filoni and G Kostyleva and H E Larsen and C Mariotti and M Marone and S Maselli and E Menichetti and P Mereu and E Migliore and G Mila and V Monaco and M Musich and M Nervo and M M Obertino and R Panero and A Parussa and N Pastrone and C Peroni and G Petrillo and A Romero and M Ruspa and R Sacchi and M Scalise and A Solano and A Staiano and P P Trapani and D Trocino and V Vaniev and A Vilela Pereira and A Zampieri and S Belforte and F Cossutti and G Della Ricca and B Gobbo and C Kavka and A Penzo and Y E Kim and S K Nam and D H Kim and G N Kim and J C Kim and D J Kong and S R Ro and D C Son and S Y Park and Y J Kim and J Y Kim and I T Lim and M Y Pac and S J Lee and S Y Jung and J T Rhee and S H Ahn and B S Hong and Y K Jeng and M H Kang and H C Kim and J H Kim and T J Kim and K S Lee and J K Lim and D H Moon and I C Park and S K Park and M S Ryu and K-S Sim and K J Son and S J Hong and Y I Choi and H Castilla Valdez and A Sanchez Hernandez and S Carrillo Moreno and A Morelos Pineda and A Aerts and P Van der Stok and H Weffers and P Allfrey and R N C Gray and M Hashimoto and D Krofcheck and A J Bell and N Bernardino Rodrigues and P H Butler and S Churchwell and R Knegjens and S Whitehead and J C Williams and Z Aftab and U Ahmad and I Ahmed and W Ahmed and M I Asghar and S Asghar and G Dad and M Hafeez and H R Hoorani and I Hussain and N Hussain and M Iftikhar and M S Khan and K Mehmood and A Osman and H Shahzad and A R Zafar and A Ali and A Bashir and A M Jan and A Kamal and F Khan and M Saeed and S Tanwir and M A Zafar and J Blocki and A Cyz and E Gladysz-Dziadus and S Mikocki and M Rybczynski and J Turnau and Z Wlodarczyk and P Zychowski and K Bunkowski and M Cwiok and H Czyrkowski and R Dabrowski and W Dominik and K Doroba and A Kalinowski and K Kierzkowski and M Konecki and J Krolikowski and I M Kudla and M Pietrusinski and K Pozniak and W Zabolotny and P Zych and R Gokieli and L Goscilo and M G{\'{o}}rski and K Nawrocki and P Traczyk and G Wrochna and P Zalewski and K T Pozniak and R Romaniuk and W M Zabolotny and R Alemany-Fernandez and C Almeida and N Almeida and A S Araujo Vila Verde and T Barata Monteiro and M Bluj and S Da Mota Silva and A David Tinoco Mendes and M Freitas Ferreira and M Gallinaro and M Husejko and A Jain and M Kazana and P Musella and R Nobrega and J Rasteiro Da Silva and P Q Ribeiro and M Santos and P Silva and S Silva and I Teixeira and J P Teixeira and J Varela and G Varner and N Vaz Cardoso and I Altsybeev and K Babich and A Belkov and I Belotelov and P Bunin and S Chesnevskaya and V Elsha and Y Ershov and I Filozova and M Finger and M Finger and A Golunov and I Golutvin and N Gorbounov and I Gramenitski and V Kalagin and A Kamenev and V Karjavin and S Khabarov and V Khabarov and Y Kiryushin and V Konoplyanikov and V Korenkov and G Kozlov and A Kurenkov and A Lanev and V Lysiakov and A Malakhov and I Melnitchenko and V V Mitsyn and K Moisenz and P Moisenz and S Movchan and E Nikonov and D Oleynik and V Palichik and V Perelygin and A Petrosyan and E Rogalev and V Samsonov and M Savina and R Semenov and S Sergeev and S Shmatov and S Shulha and V Smirnov and D Smolin and A Tcheremoukhine and O Teryaev and E Tikhonenko and A Urkinbaev and S Vasil{\textquotesingle}ev and A Vishnevskiy and A Volodko and N Zamiatin and A Zarubin and P Zarubin and E Zubarev and N Bondar and Y Gavrikov and V Golovtsov and Y Ivanov and V Kim and V Kozlov and V Lebedev and G Makarenkov and F Moroz and P Neustroev and G Obrant and E Orishchin and A Petrunin and Y Shcheglov and A Shchetkovskiy and V Sknar and V Skorobogatov and I Smirnov and V Sulimov and V Tarakanov and L Uvarov and S Vavilov and G Velichko and S Volkov and A Vorobyev and D Chmelev and D Druzhkin and A Ivanov and V Kudinov and O Logatchev and S Onishchenko and A Orlov and V Sakharov and V Smetannikov and A Tikhomirov and S Zavodthikov and Yu Andreev and A Anisimov and V Duk and S Gninenko and N Golubev and D Gorbunov and M Kirsanov and N Krasnikov and V Matveev and A Pashenkov and A Pastsyak and V E Postoev and A Sadovski and A Skassyrskaia and Alexander Solovey and Anatoly Solovey and D Soloviev and A Toropin and S Troitsky and A Alekhin and A Baldov and V Epshteyn and V Gavrilov and N Ilina and V Kaftanov and V Karpishin and I Kiselevich and V Kolosov and M Kossov and A Krokhotin and S Kuleshov and A Oulianov and A Pozdnyakov and G Safronov and S Semenov and N Stepanov and V Stolin and E Vlasov and V Zaytsev and E Boos and M Dubinin and L Dudko and A Ershov and G Eyyubova and A Gribushin and V Ilyin and V Klyukhin and O Kodolova and N A Kruglov and A Kryukov and I Lokhtin and L Malinina and V Mikhaylin and S Petrushanko and L Sarycheva and V Savrin and L Shamardin and A Sherstnev and A Snigirev and K Teplov and I Vardanyan and A M Fomenko and N Konovalova and V Kozlov and A I Lebedev and N Lvova and S V Rusakov and A Terkulov and V Abramov and S Akimenko and A Artamonov and A Ashimova and I Azhgirey and S Bitioukov and O Chikilev and K Datsko and A Filine and A Godizov and P Goncharov and V Grishin and A Inyakin and V Kachanov and A Kalinin and A Khmelnikov and D Konstantinov and A Korablev and V Krychkine and A Krinitsyn and A Levine and I Lobov and V Lukanin and Y Mel{\textquotesingle}nik and V Molchanov and V Petrov and V Petukhov and V Pikalov and A Ryazanov and R Ryutin and V Shelikhov and V Skvortsov and S Slabospitsky and A Sobol and A Sytine and V Talov and L Tourtchanovitch and S Troshin and N Tyurin and A Uzunian and A Volkov and S Zelepoukine and V Lukyanov and G Mamaeva and Z Prilutskaya and I Rumyantsev and S Sokha and S Tataurschikov and I Vasilyev and P Adzic and I Anicin and M Djordjevic and D Jovanovic and D Maletic and J Puzovic and N Smiljkovic and E Aguayo Navarrete and M Aguilar-Benitez and J Ahijado Munoz and J M Alarcon Vega and J Alberdi and J Alcaraz Maestre and M Aldaya Martin and P Arce and J M Barcala and J Berdugo and C L Blanco Ramos and C Burgos Lazaro and J Caballero Bejar and E Calvo and M Cerrada and M Chamizo Llatas and J J Chercoles Catal{\'{a}}n and N Colino and M Daniel and B De La Cruz and A Delgado Peris and C Fernandez Bedoya and A Ferrando and M C Fouz and D Francia Ferrero and J Garcia Romero and P Garcia-Abia and O Gonzalez Lopez and J M Hernandez and M I Josa and J Marin and G Merino and A Molinero and J J Navarrete and J C Oller and J Puerta Pelayo and J C Puras Sanchez and J Ramirez and L Romero and C Villanueva Munoz and C Willmott and C Yuste and C Albajar and J F de Troc{\'{o}}niz and I Jimenez and R Macias and R F Teixeira and J Cuevas and J Fern{\'{a}}ndez Men{\'{e}}ndez and I Gonzalez Caballero and J Lopez-Garcia and H Naves Sordo and J M Vizan Garcia and I J Cabrillo and A Calderon and D Cano Fernandez and I Diaz Merino and J Duarte Campderros and M Fernandez and J Fernandez Menendez and C Figueroa and L A Garcia Moral and G Gomez and F Gomez Casademunt and J Gonzalez Sanchez and R Gonzalez Suarez and C Jorda and P Lobelle Pardo and A Lopez Garcia and A Lopez Virto and J Marco and R Marco and C Martinez Rivero and P Martinez Ruiz del Arbol and F Matorras and P Orviz Fernandez and A Patino Revuelta and T Rodrigo and D Rodriguez Gonzalez and A Ruiz Jimeno and L Scodellaro and M Sobron Sanudo and I Vila and R Vilar Cortabitarte and M Barbero and D Goldin and B Henrich and L Tauscher and S Vlachos and M Wadhwa and D Abbaneo and S M Abbas and I Ahmed and S Akhtar and M I Akhtar and E Albert and M Alidra and S Ashby and P Aspell and E Auffray and P Baillon and A Ball and S L Bally and N Bangert and R Barill{\`{e}}re and D Barney and S Beauceron and F Beaudette and G Benelli and R Benetta and J L Benichou and W Bialas and A Bjorkebo and D Blechschmidt and C Bloch and P Bloch and S Bonacini and J Bos and M Bosteels and V Boyer and A Branson and H Breuker and R Bruneliere and O Buchmuller and D Campi and T Camporesi and A Caner and E Cano and E Carrone and A Cattai and J P Chatelain and M Chauvey and T Christiansen and M Ciganek and S Cittolin and J Cogan and A Conde Garcia and H Cornet and E Corrin and M Corvo and S Cucciarelli and B Cur{\'{e}} and D D{\textquotesingle}Enterria and A De Roeck and T de Visser and C Delaere and M Delattre and C Deldicque and D Delikaris and D Deyrail and S Di Vincenzo and A Domeniconi and S Dos Santos and G Duthion and L M Edera and A Elliott-Peisert and M Eppard and F Fanzago and M Favre and H Foeth and R Folch and N Frank and S Fratianni and M A Freire and A Frey and A Fucci and W Funk and A Gaddi and F Gagliardi and M Gastal and M Gateau and J C Gayde and H Gerwig and A Ghezzi and D Gigi and K Gill and A S Giolo-Nicollerat and J P Girod and F Glege and W Glessing and R Gomez-Reino Garrido and R Goudard and R Grabit and J P Grillet and P Gutierrez Llamas and E Gutierrez Mlot and J Gutleber and R Hall-wilton and R Hammarstrom and M Hansen and J Harvey and A Herv{\'{e}} and J Hill and H F Hoffmann and A Holzner and A Honma and D Hufnagel and M Huhtinen and S D Ilie and V Innocente and W Jank and P Janot and P Jarron and M Jeanrenaud and P Jouvel and R Kerkach and K Kloukinas and L J Kottelat and J C Labb{\'{e}} and D Lacroix and X Lagrue and C Lasseur and E Laure and J F Laurens and P Lazeyras and J M Le Goff and M Lebeau and P Lecoq and F Lemeilleur and M Lenzi and N Leonardo and C Leonidopoulos and M Letheren and M Liendl and F Limia-Conde and L Linssen and C Ljuslin and B Lofstedt and R Loos and J A Lopez Perez and C Lourenco and A Lyonnet and A Machard and R Mackenzie and N Magini and G Maire and L Malgeri and R Malina and M Mannelli and A Marchioro and J Martin and F Meijers and P Meridiani and E Meschi and T Meyer and A Meynet Cordonnier and J F Michaud and L Mirabito and R Moser and F Mossiere and J Muffat-Joly and M Mulders and J Mulon and E Murer and P Mättig and A Oh and A Onnela and M Oriunno and L Orsini and J A Osborne and C Paillard and I Pal and G Papotti and G Passardi and A Patino-Revuelta and V Patras and B Perea Solano and E Perez and G Perinic and J F Pernot and P Petagna and P Petiot and P Petit and A Petrilli and A Pfeiffer and C Piccut and M Pimiä and R Pintus and M Pioppi and A Placci and L Pollet and H Postema and M J Price and R Principe and A Racz and E Radermacher and R Ranieri and G Raymond and P Rebecchi and J Rehn and S Reynaud and H Rezvani Naraghi and D Ricci and M Ridel and M Risoldi and P Rodrigues Simoes Moreira and A Rohlev and G Roiron and G Rolandi and P Rumerio and O Runolfsson and V Ryjov and H Sakulin and D Samyn and L C Santos Amaral and H Sauce and E Sbrissa and P Scharff-Hansen and P Schieferdecker and W D Schlatter and B Schmitt and H G Schmuecker and M Schröder and C Schwick and C Schäfer and I Segoni and P Sempere Rold{\'{a}}n and S Sgobba and A Sharma and P Siegrist and C Sigaud and N Sinanis and T Sobrier and P Sphicas and M Spiropulu and G Stefanini and A Strandlie and F Szoncs{\'{o}} and B G Taylor and O Teller and A Thea and E Tournefier and D Treille and P Tropea and J Troska and E Tsesmelis and A Tsirou and J Valls and I Van Vulpen and M Vander Donckt and F Vasey and M Vazquez Acosta and L Veillet and P Vichoudis and G Waurick and J P Wellisch and P Wertelaers and M Wilhelmsson and I M Willers and M Winkler and M Zanetti and W Bertl and K Deiters and P Dick and W Erdmann and D Feichtinger and K Gabathuler and Z Hochman and R Horisberger and Q Ingram and H C Kaestli and D Kotlinski and S König and P Poerschke and D Renker and T Rohe and T Sakhelashvili and A Starodumov and V Aleksandrov and F Behner and I Beniozef and B Betev and B Blau and A M Brett and L Caminada and Z Chen and N Chivarov and D Da Silva Di Calafiori and S Dambach and G Davatz and V Delachenal and R Della Marina and H Dimov and G Dissertori and M Dittmar and L Djambazov and M Dröge and C Eggel and J Ehlers and R Eichler and M Elmiger and G Faber and K Freudenreich and J F Fuchs and G M Georgiev and C Grab and C Haller and J Herrmann and M Hilgers and W Hintz and Hans Hofer and Heinz Hofer and U Horisberger and I Horvath and A Hristov and C Humbertclaude and B Iliev and W Kastli and A Kruse and J Kuipers and U Langenegger and P Lecomte and E Lejeune and G Leshev and C Lesmond and B List and P D Luckey and W Lustermann and J D Maillefaud and C Marchica and A Maurisset and B Meier and P Milenovic and M Milesi and F Moortgat and I Nanov and A Nardulli and F Nessi-Tedaldi and B Panev and L Pape and F Pauss and E Petrov and G Petrov and M M Peynekov and D Pitzl and T Punz and P Riboni},
	title = {The {CMS} experiment at the {CERN} {LHC}},
	journal = {Journal of Instrumentation},
	abstract = {The Compact Muon Solenoid (CMS) detector is described. The
detector operates at the Large Hadron Collider (LHC) at CERN.  It was
conceived to study proton-proton (and lead-lead) collisions at a
centre-of-mass energy of 14 TeV (5.5 TeV nucleon-nucleon) and at
luminosities up to 1034 cm−2 s−1 (1027 cm−2 s−1).  At the core of the CMS detector sits a
high-magnetic-field and large-bore superconducting solenoid
surrounding an all-silicon pixel and strip tracker, a lead-tungstate
scintillating-crystals electromagnetic calorimeter, and a
brass-scintillator sampling hadron calorimeter.  The iron yoke of the
flux-return is instrumented with four stations of muon detectors
covering most of the 4π solid angle.  Forward sampling
calorimeters extend the pseudorapidity coverage to high values
(|η| ⩽ 5) assuring very good hermeticity.  The overall
dimensions of the CMS detector are a length of 21.6 m, a diameter of
14.6 m and a total weight of 12500 t.}
}
